@article{lachaud:2022-jmiv,
    author = {Jacques-Olivier Lachaud},
    bibsource = {dblp computer science bibliography, https://dblp.org},
    biburl = {https://dblp.org/rec/journals/jmiv/Lachaud22.bib},
    doi = {10.1007/s10851-022-01076-0},
    journal = {J. Math. Imaging Vis.},
    number = {7},
    pages = {718--735},
    timestamp = {Sat, 10 Sep 2022 20:59:29 +0200},
    title = {An Alternative Definition for Digital Convexity},
    url = {https://doi.org/10.1007/s10851-022-01076-0},
    volume = {64},
    year = {2022}
}
@inproceedings{lachaud:2021-dgmm,
    author = {Jacques-Olivier Lachaud},
    bibsource = {dblp computer science bibliography, https://dblp.org},
    biburl = {https://dblp.org/rec/conf/dgmm/Lachaud21.bib},
    booktitle = {Discrete Geometry and Mathematical Morphology - First International
Joint Conference, DGMM 2021, Uppsala, Sweden, May 24-27, 2021, Proceedings},
    doi = {10.1007/978-3-030-76657-3_19},
    editor = {Joakim Lindblad and
Filip Malmberg and
Natasa Sladoje},
    pages = {269--282},
    publisher = {Springer},
    series = {Lecture Notes in Computer Science},
    timestamp = {Tue, 18 May 2021 19:01:07 +0200},
    title = {An Alternative Definition for Digital Convexity},
    url = {https://doi.org/10.1007/978-3-030-76657-3_19},
    volume = {12708},
    year = {2021}
}
@article{lachaud:2022-dcg,
    author = {Jacques-Olivier Lachaud and
Pascal Romon and
Boris Thibert},
    bibsource = {dblp computer science bibliography, https://dblp.org},
    biburl = {https://dblp.org/rec/journals/dcg/LachaudRT22.bib},
    doi = {10.1007/s00454-022-00399-4},
    journal = {Discret. Comput. Geom.},
    number = {2},
    pages = {477--524},
    timestamp = {Sat, 10 Sep 2022 21:00:12 +0200},
    title = {Corrected Curvature Measures},
    url = {https://doi.org/10.1007/s00454-022-00399-4},
    volume = {68},
    year = {2022}
}

% Visibility with digital straight lines
@article{coeurjolly:2004-prl,
  title={2D and 3D visibility in discrete geometry: an application to discrete geodesic paths},
  author={Coeurjolly, David and Miguet, Serge and Tougne, Laure},
  journal={Pattern Recognition Letters},
  volume={25},
  number={5},
  pages={561--570},
  year={2004},
  publisher={Elsevier}
}
% Visibility between voxels
@inproceedings{chica:2008-spm,
  title={Visibility-based feature extraction from discrete models},
  author={Chica, Antoni},
  booktitle={Proceedings of the 2008 ACM symposium on Solid and physical modeling},
  pages={347--352},
  year={2008}
}
% Exact visibility between polygons and occluding polygons in 3D in Plucker 5D space.
@inproceedings{nirenstein:2002-ewr,
  title={Exact from-region visibility culling},
  author={Nirenstein, Shaun and Blake, Edwin and Gain, James},
  booktitle={Proceedings of 13th Eurographics Workshop on Rendering},
  editors={P. Debevec and S. Gibson},
  year={2002},
}

% Visibility with Bresenham digital line
@article{soille:1994-prl,
  title={Generalized geodesy via geodesic time},
  author={Soille, Pierre},
  journal={Pattern Recognition Letters},
  volume={15},
  number={12},
  pages={1235--1240},
  year={1994},
  publisher={Elsevier}
}
% morphological approach to visibility
@book{soille1999morphological,
  title={Morphological image analysis: principles and applications},
  author={Soille, Pierre and others},
  volume={2},
  number={3},
  year={1999},
  publisher={Springer}
}

% over 500 papers on visibility in computational geometry
@incollection{orourke:2017-book,
  title={Visibility},
  author={Oâ€™Rourke, Joseph},
  booktitle={Handbook of discrete and computational geometry},
  pages={875--896},
  year={2017},
  publisher={Chapman and Hall/CRC}
}

% book on visibility in the plane
@book{ghosh:2007-book,
  title={Visibility algorithms in the plane},
  author={Ghosh, Subir Kumar},
  year={2007},
  publisher={Cambridge university press}
}

% Visibility complex between spheres in 3D (complexity is O(n^4), O(n^8/3) probabilistic)
@article{durand:2002-tog,
  title={The 3D visibility complex},
  author={Durand, Fr{\'e}do and Drettakis, George and Puech, Claude},
  journal={ACM Transactions on Graphics (TOG)},
  volume={21},
  number={2},
  pages={176--206},
  year={2002},
  publisher={ACM New York, NY, USA}
}