@article{Lachaud:2022-jmiv,
 author = {Jacques-Olivier Lachaud},
 bibsource = {dblp computer science bibliography, https://dblp.org},
 biburl = {https://dblp.org/rec/journals/jmiv/Lachaud22.bib},
 doi = {10.1007/s10851-022-01076-0},
 journal = {J. Math. Imaging Vis.},
 number = {7},
 pages = {718--735},
 timestamp = {Sat, 10 Sep 2022 20:59:29 +0200},
 title = {An Alternative Definition for Digital Convexity},
 url = {https://doi.org/10.1007/s10851-022-01076-0},
 volume = {64},
 year = {2022}
}

@inproceedings{Lachaud:2021-dgmm,
 author = {Jacques-Olivier Lachaud},
 bibsource = {dblp computer science bibliography, https://dblp.org},
 biburl = {https://dblp.org/rec/conf/dgmm/Lachaud21.bib},
 booktitle = {Discrete Geometry and Mathematical Morphology - First International
Joint Conference, DGMM 2021, Uppsala, Sweden, May 24-27, 2021, Proceedings},
 doi = {10.1007/978-3-030-76657-3_19},
 editor = {Joakim Lindblad and
Filip Malmberg and
Natasa Sladoje},
 pages = {269--282},
 publisher = {Springer},
 series = {Lecture Notes in Computer Science},
 timestamp = {Tue, 18 May 2021 19:01:07 +0200},
 title = {An Alternative Definition for Digital Convexity},
 url = {https://doi.org/10.1007/978-3-030-76657-3_19},
 volume = {12708},
 year = {2021}
}

